@article{GAIADR2,
   title={Gaia Data Release 2: Summary of the contents and survey properties},
   volume={616},
   ISSN={1432-0746},
   url={http://dx.doi.org/10.1051/0004-6361/201833051},
   DOI={10.1051/0004-6361/201833051},
   journal={Astronomy \& Astrophysics},
   publisher={EDP Sciences},
   author={Brown, A. G. A. and Vallenari, A. and Prusti, T. and de Bruijne, J. H. J. and Babusiaux, C. and Bailer-Jones, C. A. L. and Biermann, M. and Evans, D. W. and Eyer, L. and Jansen, F. and Jordi, C. and Klioner, S. A. and Lammers, U. and Lindegren, L. and Luri, X. and Mignard, F. and Panem, C. and Pourbaix, D. and Randich, S. and Sartoretti, P. and Siddiqui, H. I. and Soubiran, C. and van Leeuwen, F. and Walton, N. A. and Arenou, F. and Bastian, U. and Cropper, M. and Drimmel, R. and Katz, D. and Lattanzi, M. G. and Bakker, J. and Cacciari, C. and Castañeda, J. and Chaoul, L. and Cheek, N. and De Angeli, F. and Fabricius, C. and Guerra, R. and Holl, B. and Masana, E. and Messineo, R. and Mowlavi, N. and Nienartowicz, K. and Panuzzo, P. and Portell, J. and Riello, M. and Seabroke, G. M. and Tanga, P. and Thévenin, F. and Gracia-Abril, G. and Comoretto, G. and Garcia-Reinaldos, M. and Teyssier, D. and Altmann, M. and Andrae, R. and Audard, M. and Bellas-Velidis, I. and Benson, K. and Berthier, J. and Blomme, R. and Burgess, P. and Busso, G. and Carry, B. and Cellino, A. and Clementini, G. and Clotet, M. and Creevey, O. and Davidson, M. and De Ridder, J. and Delchambre, L. and Dell’Oro, A. and Ducourant, C. and Fernández-Hernández, J. and Fouesneau, M. and Frémat, Y. and Galluccio, L. and García-Torres, M. and González-Núñez, J. and González-Vidal, J. J. and Gosset, E. and Guy, L. P. and Halbwachs, J.-L. and Hambly, N. C. and Harrison, D. L. and Hernández, J. and Hestroffer, D. and Hodgkin, S. T. and Hutton, A. and Jasniewicz, G. and Jean-Antoine-Piccolo, A. and Jordan, S. and Korn, A. J. and Krone-Martins, A. and Lanzafame, A. C. and Lebzelter, T. and Löffler, W. and Manteiga, M. and Marrese, P. M. and Martín-Fleitas, J. M. and Moitinho, A. and Mora, A. and Muinonen, K. and Osinde, J. and Pancino, E. and Pauwels, T. and Petit, J.-M. and Recio-Blanco, A. and Richards, P. J. and Rimoldini, L. and Robin, A. C. and Sarro, L. M. and Siopis, C. and Smith, M. and Sozzetti, A. and Süveges, M. and Torra, J. and van Reeven, W. and Abbas, U. and Abreu Aramburu, A. and Accart, S. and Aerts, C. and Altavilla, G. and Álvarez, M. A. and Alvarez, R. and Alves, J. and Anderson, R. I. and Andrei, A. H. and Anglada Varela, E. and Antiche, E. and Antoja, T. and Arcay, B. and Astraatmadja, T. L. and Bach, N. and Baker, S. G. and Balaguer-Núñez, L. and Balm, P. and Barache, C. and Barata, C. and Barbato, D. and Barblan, F. and Barklem, P. S. and Barrado, D. and Barros, M. and Barstow, M. A. and Bartholomé Muñoz, S. and Bassilana, J.-L. and Becciani, U. and Bellazzini, M. and Berihuete, A. and Bertone, S. and Bianchi, L. and Bienaymé, O. and Blanco-Cuaresma, S. and Boch, T. and Boeche, C. and Bombrun, A. and Borrachero, R. and Bossini, D. and Bouquillon, S. and Bourda, G. and Bragaglia, A. and Bramante, L. and Breddels, M. A. and Bressan, A. and Brouillet, N. and Brüsemeister, T. and Brugaletta, E. and Bucciarelli, B. and Burlacu, A. and Busonero, D. and Butkevich, A. G. and Buzzi, R. and Caffau, E. and Cancelliere, R. and Cannizzaro, G. and Cantat-Gaudin, T. and Carballo, R. and Carlucci, T. and Carrasco, J. M. and Casamiquela, L. and Castellani, M. and Castro-Ginard, A. and Charlot, P. and Chemin, L. and Chiavassa, A. and Cocozza, G. and Costigan, G. and Cowell, S. and Crifo, F. and Crosta, M. and Crowley, C. and Cuypers†, J. and Dafonte, C. and Damerdji, Y. and Dapergolas, A. and David, P. and David, M. and de Laverny, P. and De Luise, F. and De March, R. and de Martino, D. and de Souza, R. and de Torres, A. and Debosscher, J. and del Pozo, E. and Delbo, M. and Delgado, A. and Delgado, H. E. and Di Matteo, P. and Diakite, S. and Diener, C. and Distefano, E. and Dolding, C. and Drazinos, P. and Durán, J. and Edvardsson, B. and Enke, H. and Eriksson, K. and Esquej, P. and Eynard Bontemps, G. and Fabre, C. and Fabrizio, M. and Faigler, S. and Falcão, A. J. and Farràs Casas, M. and Federici, L. and Fedorets, G. and Fernique, P. and Figueras, F. and Filippi, F. and Findeisen, K. and Fonti, A. and Fraile, E. and Fraser, M. and Frézouls, B. and Gai, M. and Galleti, S. and Garabato, D. and García-Sedano, F. and Garofalo, A. and Garralda, N. and Gavel, A. and Gavras, P. and Gerssen, J. and Geyer, R. and Giacobbe, P. and Gilmore, G. and Girona, S. and Giuffrida, G. and Glass, F. and Gomes, M. and Granvik, M. and Gueguen, A. and Guerrier, A. and Guiraud, J. and Gutiérrez-Sánchez, R. and Haigron, R. and Hatzidimitriou, D. and Hauser, M. and Haywood, M. and Heiter, U. and Helmi, A. and Heu, J. and Hilger, T. and Hobbs, D. and Hofmann, W. and Holland, G. and Huckle, H. E. and Hypki, A. and Icardi, V. and Janßen, K. and Jevardat de Fombelle, G. and Jonker, P. G. and Juhász, Á. L. and Julbe, F. and Karampelas, A. and Kewley, A. and Klar, J. and Kochoska, A. and Kohley, R. and Kolenberg, K. and Kontizas, M. and Kontizas, E. and Koposov, S. E. and Kordopatis, G. and Kostrzewa-Rutkowska, Z. and Koubsky, P. and Lambert, S. and Lanza, A. F. and Lasne, Y. and Lavigne, J.-B. and Le Fustec, Y. and Le Poncin-Lafitte, C. and Lebreton, Y. and Leccia, S. and Leclerc, N. and Lecoeur-Taibi, I. and Lenhardt, H. and Leroux, F. and Liao, S. and Licata, E. and Lindstrøm, H. E. P. and Lister, T. A. and Livanou, E. and Lobel, A. and López, M. and Managau, S. and Mann, R. G. and Mantelet, G. and Marchal, O. and Marchant, J. M. and Marconi, M. and Marinoni, S. and Marschalkó, G. and Marshall, D. J. and Martino, M. and Marton, G. and Mary, N. and Massari, D. and Matijevič, G. and Mazeh, T. and McMillan, P. J. and Messina, S. and Michalik, D. and Millar, N. R. and Molina, D. and Molinaro, R. and Molnár, L. and Montegriffo, P. and Mor, R. and Morbidelli, R. and Morel, T. and Morris, D. and Mulone, A. F. and Muraveva, T. and Musella, I. and Nelemans, G. and Nicastro, L. and Noval, L. and O’Mullane, W. and Ordénovic, C. and Ordóñez-Blanco, D. and Osborne, P. and Pagani, C. and Pagano, I. and Pailler, F. and Palacin, H. and Palaversa, L. and Panahi, A. and Pawlak, M. and Piersimoni, A. M. and Pineau, F.-X. and Plachy, E. and Plum, G. and Poggio, E. and Poujoulet, E. and Prša, A. and Pulone, L. and Racero, E. and Ragaini, S. and Rambaux, N. and Ramos-Lerate, M. and Regibo, S. and Reylé, C. and Riclet, F. and Ripepi, V. and Riva, A. and Rivard, A. and Rixon, G. and Roegiers, T. and Roelens, M. and Romero-Gómez, M. and Rowell, N. and Royer, F. and Ruiz-Dern, L. and Sadowski, G. and Sagristà Sellés, T. and Sahlmann, J. and Salgado, J. and Salguero, E. and Sanna, N. and Santana-Ros, T. and Sarasso, M. and Savietto, H. and Schultheis, M. and Sciacca, E. and Segol, M. and Segovia, J. C. and Ségransan, D. and Shih, I-C. and Siltala, L. and Silva, A. F. and Smart, R. L. and Smith, K. W. and Solano, E. and Solitro, F. and Sordo, R. and Soria Nieto, S. and Souchay, J. and Spagna, A. and Spoto, F. and Stampa, U. and Steele, I. A. and Steidelmüller, H. and Stephenson, C. A. and Stoev, H. and Suess, F. F. and Surdej, J. and Szabados, L. and Szegedi-Elek, E. and Tapiador, D. and Taris, F. and Tauran, G. and Taylor, M. B. and Teixeira, R. and Terrett, D. and Teyssandier, P. and Thuillot, W. and Titarenko, A. and Torra Clotet, F. and Turon, C. and Ulla, A. and Utrilla, E. and Uzzi, S. and Vaillant, M. and Valentini, G. and Valette, V. and van Elteren, A. and Van Hemelryck, E. and van Leeuwen, M. and Vaschetto, M. and Vecchiato, A. and Veljanoski, J. and Viala, Y. and Vicente, D. and Vogt, S. and von Essen, C. and Voss, H. and Votruba, V. and Voutsinas, S. and Walmsley, G. and Weiler, M. and Wertz, O. and Wevers, T. and Wyrzykowski, Ł. and Yoldas, A. and Žerjal, M. and Ziaeepour, H. and Zorec, J. and Zschocke, S. and Zucker, S. and Zurbach, C. and Zwitter, T.},
   year={2018},
   month=aug, pages={A1}
}

% general book for reference to tipical velocities table 3.2
% and for approximate formula for mass in appendix b
@book{Schneider2015,
  author    = {Peter Schneider},
  title     = {Extragalactic Astronomy and Cosmology: An Introduction},
  year      = {2015},
  edition   = {2nd},
  publisher = {Springer-Verlag Berlin Heidelberg},
  address   = {Heidelberg, Germany},
  isbn      = {978-3-642-54082-0},
  doi       = {10.1007/978-3-642-54083-7},
  note      = {See table 3.2 for the typical rotational speed of spiral galaxies. See appendix B for the estimation of the mass from measurements of luminosity.}
}

% statistics
@book{mackay2003,
  author    = {David J.C. MacKay},
  title     = {Information Theory, Inference, and Learning Algorithms},
  year      = {2003},
  publisher = {Cambridge University Press},
  address   = {Cambridge, UK},
  isbn      = {9780521642989},
  url       = {http://www.inference.phy.cam.ac.uk/mackay/itila/},
}

% peculiar motion of the Sun
@article{LocalKinematics,
   title={Local kinematics and the local standard of rest},
   volume={403},
   ISSN={1365-2966},
   url={http://dx.doi.org/10.1111/j.1365-2966.2010.16253.x},
   DOI={10.1111/j.1365-2966.2010.16253.x},
   number={4},
   journal={Monthly Notices of the Royal Astronomical Society},
   publisher={Oxford University Press (OUP)},
   author={Schönrich, Ralph and Binney, James and Dehnen, Walter},
   year={2010},
   month=apr, pages={1829–1833} 
}

% Kinematics Parameters
@article{GalacticKinematics,
doi = {10.3847/1538-4365/aa8b71},
url = {https://dx.doi.org/10.3847/1538-4365/aa8b71},
year = {2017},
month = {oct},
publisher = {The American Astronomical Society},
volume = {232},
number = {2},
pages = {22},
author = {de Grijs, Richard and Bono, Giuseppe},
title = {Clustering of Local Group Distances: Publication Bias or Correlated
                    Measurements? V. Galactic Rotation Constants},
journal = {The Astrophysical Journal Supplement Series},
abstract = {As part of an extensive data mining effort, we have compiled a database of 162 Galactic rotation speed measurements at R 0 (the solar Galactocentric distance), . Published between 1927 and 2017 June, this represents the most comprehensive set of  values since the 1985 meta-analysis that led to the last revision of the International Astronomical Union’s recommended Galactic rotation constants. Although we do not find any compelling evidence for the presence of “publication bias” in recent decades, we find clear differences among the  values and the  ratios resulting from the use of different tracer populations. Specifically, young tracers (including OB and supergiant stars, masers, Cepheid variables, H ii regions, and young open clusters), as well as kinematic measurements of Sgr A* near the Galactic Center, imply a significantly larger Galactic rotation speed at the solar circle and a higher  ratio (i.e.,  km s−1 and  km s−1 kpc−1; statistical uncertainties only) than any of the tracers dominating the Galaxy’s mass budget (i.e., field stars and the H i/CO distributions). Using the latter to be most representative of the bulk of the Galaxy’s matter distribution, we arrive at an updated set of Galactic rotation constants,}
}

% emcee
@ARTICLE{EMCEE,
       author = {{Foreman-Mackey}, Daniel and {Hogg}, David W. and {Lang}, Dustin and {Goodman}, Jonathan},
        title = "{emcee: The MCMC Hammer}",
      journal = {\pasp},
     keywords = {Astrophysics - Instrumentation and Methods for Astrophysics, Physics - Computational Physics, Statistics - Computation},
         year = 2013,
        month = mar,
       volume = {125},
       number = {925},
        pages = {306},
          doi = {10.1086/670067},
archivePrefix = {arXiv},
       eprint = {1202.3665},
 primaryClass = {astro-ph.IM},
       adsurl = {https://ui.adsabs.harvard.edu/abs/2013PASP..125..306F},
      adsnote = {Provided by the SAO/NASA Astrophysics Data System}
}

